
@online{BrianWill,
author = {Will, Brian},
title  = {Playlist: OpenGl},
date   = {2022-01},
url    = {https://youtube.com/playlist?list=PLIbUZ3URbL0ESKHrvzXuHjrcLi7gxhBby}
}
@online{learnopengl,
author = {Joey de Vries},
title  = {Learn OpenGL},
date   = {2022-01},
url    = {https://learnopengl.com/}
}
@online{cube1,
author = {o. V.},
title  = {Stone Seamless Texture \#7153},
date   = {2022-01},
url    = {https://3djungle.net/textures/other-stone/7153/}
}
@online{cone1,
author = {Krcmarek, Neven},
title  = {Macro Photography Of The Leaf Texture},
date   = {2022-01},
url    = {https://freestocktextures.com/texture/macro-photography-of-the-leaf,955.html}
}
